@PREAMBLE{
 "\providecommand{\noopsort}[1]{}" 
 # "\providecommand{\singleletter}[1]{#1}%" 
}

@book{strogatz2004sync,
  title={Sync: The emerging science of spontaneous order},
  author={Strogatz, Steven},
  year={2004},
  publisher={Penguin UK}
}
@article{sujith2020complex,
  title={Complex system approach to investigate and mitigate thermoacoustic instability in turbulent combustors},
  author={Sujith, R. I. and Unni, Vishnu R},
  journal={Physics of Fluids},
  volume={32},
  number={6},
  pages={061401},
  year={2020},
  publisher={AIP Publishing LLC}
}

@article{juniper2018sensitivity,
  title={Sensitivity and nonlinearity of thermoacoustic oscillations},
  author={Juniper, Matthew P and Sujith, Raman I.},
  journal={Annual Review of Fluid Mechanics},
  volume={50},
  pages={661--689},
  year={2018},
  publisher={Annual Reviews}
}

@article{jenkins2013self,
  title={Self-oscillation},
  author={Jenkins, Alejandro},
  journal={Physics Reports},
  volume={525},
  number={2},
  pages={167--222},
  year={2013},
  publisher={Elsevier}
}

@article{buck1968mechanism,
  title={Mechanism of Rhythmic Synchronous Flashing of Fireflies: Fireflies of Southeast Asia may use anticipatory time-measuring in synchronizing their flashing},
  author={Buck, John and Buck, Elisabeth},
  journal={Science},
  volume={159},
  number={3821},
  pages={1319--1327},
  year={1968},
  publisher={American Association for the Advancement of Science}
}

@article{strogatz2005crowd,
  title={Crowd synchrony on the Millennium Bridge},
  author={Strogatz, Steven H and Abrams, Daniel M and McRobie, Allan and Eckhardt, Bruno and Ott, Edward},
  journal={Nature},
  volume={438},
  number={7064},
  pages={43--44},
  year={2005},
  publisher={Nature Publishing Group}
}

@article{dowling2005feedback,
  title={Feedback control of combustion oscillations},
  author={Dowling, Ann P and Morgans, Aimee S},
  journal={Annu. Rev. Fluid Mech.},
  volume={37},
  pages={151--182},
  year={2005},
  publisher={Annual Reviews}
}

@book{lieuwen2005combustion,
  title={Combustion instabilities in gas turbine engines: operational experience, fundamental mechanisms, and modeling},
  author={Lieuwen, Timothy C and Yang, Vigor},
  year={2005},
  publisher={American Institute of Aeronautics and Astronautics}
}

@book{pikovsky2003synchronization,
  title={Synchronization: a universal concept in nonlinear sciences},
  author={Pikovsky, Arkady and Kurths, Jurgen and Rosenblum, Michael and Kurths, J{\"u}rgen},
  volume={12},
  year={2003},
  publisher={Cambridge university press}
}

@article{pyragas2000stabilization,
  title={Stabilization of an unstable steady state in intracavity frequency-doubled lasers},
  author={Pyragas, K and Lange, F and Letz, T and Parisi, J and Kittel, A},
  journal={Physical Review E},
  volume={61},
  number={4},
  pages={3721},
  year={2000},
  publisher={APS}
}

@article{kumar2011role,
  title={The role of inhibition in generating and controlling Parkinsonâ€™s disease oscillations in the basal ganglia},
  author={Kumar, Arvind and Cardanobile, Stefano and Rotter, Stefan and Aertsen, Ad},
  journal={Frontiers in Systems Neuroscience},
  volume={5},
  pages={86},
  year={2011},
  publisher={Frontiers}
}

@article{huddy2012amplitude,
  title={Amplitude death solutions for stabilization of dc microgrids with instantaneous constant-power loads},
  author={Huddy, Stanley R and Skufca, Joseph D},
  journal={IEEE Transactions on Power Electronics},
  volume={28},
  number={1},
  pages={247--253},
  year={2012},
  publisher={IEEE}
}

@article{mirollo1990amplitude,
  title={Amplitude death in an array of limit-cycle oscillators},
  author={Mirollo, Renato E and Strogatz, Steven H},
  journal={Journal of Statistical Physics},
  volume={60},
  number={1-2},
  pages={245--262},
  year={1990},
  publisher={Springer}
}

@article{atay2003total,
  title={Total and partial amplitude death in networks of diffusively coupled oscillators},
  author={Atay, Fatihcan M},
  journal={Physica D: Nonlinear Phenomena},
  volume={183},
  number={1-2},
  pages={1--18},
  year={2003},
  publisher={Elsevier}
}

@book{balanov2008synchronization,
  title={Synchronization: from simple to complex},
  author={Balanov, Alexander and Janson, Natalia and Postnov, Dmitry and Sosnovtseva, Olga},
  year={2008},
  publisher={Springer Science \& Business Media}
}

@article{keen1970suppression,
  title={Suppression of a Plasma Instability by the Method of" Asynchronous Quenching"},
  author={Keen, BE and Fletcher, WHW},
  journal={Physical Review Letters},
  volume={24},
  number={4},
  pages={130},
  year={1970},
  publisher={APS}
}

@article{honerkamp1983heart,
  title={The heart as a system of coupled nonlinear oscillators},
  author={Honerkamp, J},
  journal={Journal of Mathematical Biology},
  volume={18},
  number={1},
  pages={69--88},
  year={1983},
  publisher={Springer}
}

@article{balusamy2015nonlinear,
  title={Nonlinear dynamics of a self-excited thermoacoustic system subjected to acoustic forcing},
  author={Balusamy, Saravanan and Li, Larry KB and Han, Zhiyi and Juniper, Matthew P and Hochgreb, Simone},
  journal={Proceedings of the Combustion Institute},
  volume={35},
  number={3},
  pages={3229--3236},
  year={2015},
  publisher={Elsevier}
}


@article{dos2004rhythm,
  title={Rhythm synchronization and chaotic modulation of coupled Van der Pol oscillators in a model for the heartbeat},
  author={dos Santos, Angela M and Lopes, Sergio R and Viana, RL Ricardo L},
  journal={Physica A: Statistical Mechanics and its Applications},
  volume={338},
  number={3-4},
  pages={335--355},
  year={2004},
  publisher={Elsevier}
}

@article{rossler1979equation,
  title={An equation for hyperchaos},
  author={Rossler, OE},
  journal={Physics Letters A},
  volume={71},
  number={2-3},
  pages={155--157},
  year={1979},
  publisher={Elsevier}
}

@article{mathias2012periodicity,
  title={Periodicity suppression in continuous-time dynamical systems by external forcing},
  author={Mathias, Amanda C and Rech, Paulo C},
  journal={Chaos: An Interdisciplinary Journal of Nonlinear Science},
  volume={22},
  number={4},
  pages={043147},
  year={2012},
  publisher={American Institute of Physics}
}

@article{dos2009intermittent,
  title={Intermittent behavior and synchronization of two coupled noisy driven oscillators},
  author={dos Santos, {\^A}ngela Maria and Lopes, S{\'e}rgio Roberto and Viana, Ricardo Luiz},
  journal={Mathematical Problems in Engineering},
  volume={2009},
  year={2009},
  publisher={Hindawi}
}

@article{wei2011nonlinear,
  title={Nonlinear dynamics of a periodically driven Duffing resonator coupled to a Van der Pol oscillator},
  author={Wei, X and Randrianandrasana, MF and Ward, M and Lowe, David},
  journal={Mathematical Problems in Engineering},
  volume={2011},
  year={2011},
  publisher={Hindawi}
}

@article{battelino1988persistence,
  title={Persistence of three-frequency quasiperiodicity under large perturbations},
  author={Battelino, Peter M},
  journal={Physical Review A},
  volume={38},
  number={3},
  pages={1495},
  year={1988},
  publisher={APS}
}

@article{anishchenko2009phase,
  title={Phase dynamics of two coupled oscillators under external periodic force},
  author={Anishchenko, V and Astakhov, S and Vadivasova, T},
  journal={EPL (Europhysics Letters)},
  volume={86},
  number={3},
  pages={30003},
  year={2009},
  publisher={IOP Publishing}
}

@article{anishchenko2009numerical,
  title={Numerical and experimental study of external synchronization of two-frequency oscillations},
  author={Anishchenko, Vadim Semenovich and Astakhov, Sergei Vladimirovich and Vadivasova, Tat'yana Evgen'evna and Feoktistov, Aleksei Vladimirovich},
  journal={Nelineinaya Dinamika [Russian Journal of Nonlinear Dynamics]},
  volume={5},
  number={2},
  pages={237--252},
  year={2009},
  publisher={Steklov Mathematical Institute of Russian Academy of Sciences}
}

@article{anishchenko2008bifurcational,
  title={Bifurcational mechanisms of synchronization of a resonant limit cycle on a two-dimensional torus},
  author={Anishchenko, V and Nikolaev, S and Kurths, J},
  journal={Chaos: An Interdisciplinary Journal of Nonlinear Science},
  volume={18},
  number={3},
  pages={037123},
  year={2008},
  publisher={American Institute of Physics}
}

@book{chen1999controlling,
  title={Controlling chaos and bifurcations in engineering systems},
  author={Chen, Guanrong},
  year={1999},
  publisher={CRC press}
}

@article{battista2000reduction,
  title={Reduction of vortex-induced oscillations of Rio--Niter{\'o}i bridge by dynamic control devices},
  author={Battista, Ronaldo C and Pfeil, Michele S},
  journal={Journal of Wind Engineering and Industrial Aerodynamics},
  volume={84},
  number={3},
  pages={273--288},
  year={2000},
  publisher={Elsevier}
}

@article{swift1988thermoacoustic,
  title={Thermoacoustic engines},
  author={Swift, Gregory W},
  journal={The Journal of the Acoustical Society of America},
  volume={84},
  number={4},
  pages={1145--1180},
  year={1988},
  publisher={Acoustical Society of America}
}

@article{biwa2015amplitude,
  title={Amplitude death in coupled thermoacoustic oscillators},
  author={Biwa, Tetsushi and Tozuka, Satoshi and Yazaki, Taichi},
  journal={Physical Review Applied},
  volume={3},
  number={3},
  pages={034006},
  year={2015},
  publisher={APS}
}

@article{dange2019oscillation,
  title={Oscillation quenching and phase-flip bifurcation in coupled thermoacoustic systems},
  author={Dange, Suraj and Manoj, Krishna and Banerjee, Subham and Pawar, Samadhan A and Mondal, Sirshendu and Sujith, R. I.},
  journal={Chaos: An Interdisciplinary Journal of Nonlinear Science},
  volume={29},
  number={9},
  pages={093135},
  year={2019},
  publisher={AIP Publishing LLC}
}

@article{guan2019open,
  title={Open-loop control of periodic thermoacoustic oscillations: experiments and low-order modelling in a synchronization framework},
  author={Guan, Yu and Gupta, Vikrant and Kashinath, Karthik and Li, Larry KB},
  journal={Proceedings of the Combustion Institute},
  volume={37},
  number={4},
  pages={5315--5323},
  year={2019},
  publisher={Elsevier}
}

@article{mondal2019forced,
  title={Forced synchronization and asynchronous quenching of periodic oscillations in a thermoacoustic system},
  author={Mondal, Sirshendu and Pawar, Samadhan A and Sujith, R. I.},
  journal={Journal of Fluid Mechanics},
  volume={864},
  pages={73--96},
  year={2019},
  publisher={Cambridge University Press}
}

@article{thomas2018effect,
  title={Effect of time-delay and dissipative coupling on amplitude death in coupled thermoacoustic oscillators},
  author={Thomas, Nevin and Mondal, Sirshendu and Pawar, Samadhan A and Sujith, R. I.},
  journal={Chaos: An Interdisciplinary Journal of Nonlinear Science},
  volume={28},
  number={3},
  pages={033119},
  year={2018},
  publisher={AIP Publishing LLC}
}

@article{thomas2018noiseeffect,
  title={Effect of noise amplification during the transition to amplitude death in coupled thermoacoustic oscillators},
  author={Thomas, Nevin and Mondal, Sirshendu and Pawar, Samadhan A and Sujith, R. I.},
  journal={Chaos: An Interdisciplinary Journal of Nonlinear Science},
  volume={28},
  number={9},
  pages={093116},
  year={2018},
  publisher={AIP Publishing LLC}
}

@article{jegal2019mutual,
  title={Mutual synchronization of two lean-premixed gas turbine combustors: Phase locking and amplitude death},
  author={Jegal, Hyunwook and Moon, Kihun and Gu, Jaheon and Li, Larry KB and Kim, Kyu Tae},
  journal={Combustion and Flame},
  volume={206},
  pages={424--437},
  year={2019},
  publisher={Elsevier}
}

@article{moon2020mutual,
  title={Mutual synchronization of two flame-driven thermoacoustic oscillators: Dissipative and time-delayed coupling effects},
  author={Moon, Kihun and Guan, Yu and Li, Larry KB and Kim, Kyu Tae},
  journal={Chaos: An Interdisciplinary Journal of Nonlinear Science},
  volume={30},
  number={2},
  pages={023110},
  year={2020},
  publisher={AIP Publishing LLC}
}

@article{kashinath2018forced,
  title={Forced synchronization of periodic and aperiodic thermoacoustic oscillations: lock-in, bifurcations and open-loop control},
  author={Kashinath, Karthik and Li, Larry KB and Juniper, Matthew P},
  journal={Journal of Fluid Mechanics},
  volume={838},
  pages={690--714},
  year={2018},
  publisher={Cambridge University Press}
}

@article{roy2020mechanism,
  title={On the mechanism of open-loop control of thermoacoustic instability in a laminar premixed combustor},
  author={Roy, Amitesh and Mondal, Sirshendu and Pawar, Samadhan A and Sujith, R. I.},
  journal={Journal of Fluid Mechanics},
  volume={884},
  year={2020},
  publisher={Cambridge University Press}
}

@article{guan2019control,
  title={Control of self-excited thermoacoustic oscillations using transient forcing, hysteresis and mode switching},
  author={Guan, Yu and He, Wei and Murugesan, Meenatchidevi and Li, Qiang and Liu, Peijin and Li, Larry KB},
  journal={Combustion and Flame},
  volume={202},
  pages={262--275},
  year={2019},
  publisher={Elsevier}
}

@article{guan2019forced,
  title={Forced synchronization of quasiperiodic oscillations in a thermoacoustic system},
  author={Guan, Yu and Gupta, Vikrant and Wan, Minping and Li, Larry KB},
  journal={Journal of Fluid Mechanics},
  volume={879},
  pages={390--421},
  year={2019},
  publisher={Cambridge University Press}
}

@article{hyodo2020suppression,
  title={Suppression of Rijke tube oscillations by delay coupling},
  author={Hyodo, H and Iwasaki, M and Biwa, T},
  journal={Journal of Applied Physics},
  volume={128},
  number={9},
  pages={094902},
  year={2020},
  publisher={AIP Publishing LLC}
}

@article{balasubramanian2008thermoacoustic,
  title={Thermoacoustic instability in a Rijke tube: Non-normality and nonlinearity},
  author={Balasubramanian, Koushik and Sujith, RI},
  journal={Physics of Fluids},
  volume={20},
  number={4},
  pages={044103},
  year={2008},
  publisher={American Institute of Physics}
}

@article{nicoud2009zero,
  title={About the zero Mach number assumption in the calculation of thermoacoustic instabilities},
  author={Nicoud, Franck and Wieczorek, Kerstin},
  journal={International journal of spray and combustion dynamics},
  volume={1},
  number={1},
  pages={67--111},
  year={2009},
  publisher={SAGE Publications Sage UK: London, England}
}

@article{king1914xii,
  title={XII. On the convection of heat from small cylinders in a stream of fluid: Determination of the convection constants of small platinum wires with applications to hot-wire anemometry},
  author={King, Louis Vessot},
  journal={Philosophical transactions of the royal society of London. series A, containing papers of a mathematical or physical character},
  volume={214},
  number={509-522},
  pages={373--432},
  year={1914},
  publisher={The Royal Society London}
}

@article{heckl1990non,
  title={Non-linear acoustic effects in the Rijke tube},
  author={Heckl, Maria A},
  journal={Acta Acustica united with Acustica},
  volume={72},
  number={1},
  pages={63--71},
  year={1990},
  publisher={S. Hirzel Verlag}
}

@article{lores1973nonlinear,
  title={Nonlinear longitudinal combustion instability in rocket motors},
  author={Lores, Manuel E and Zinn, Ben T},
  journal={Combustion Science and Technology},
  volume={7},
  number={6},
  pages={245--256},
  year={1973},
  publisher={Taylor \& Francis}
}

@phdthesis{matveev2003thermoacoustic,
  title={Thermoacoustic instabilities in the Rijke tube: experiments and modeling},
  author={Matveev, Konstantin Ivanovich},
  year={2003},
  school={California Institute of Technology}
}

@article{gopalakrishnan2015effect,
  title={Effect of external noise on the hysteresis characteristics of a thermoacoustic system},
  author={Gopalakrishnan, EA and Sujith, RI},
  journal={Journal of Fluid Mechanics},
  volume={776},
  pages={334--353},
  year={2015},
  publisher={Cambridge University Press}
}


@article{shampine2001solving,
  title={Solving DDEs in matlab},
  author={Shampine, Lawrence F and Thompson, Skip},
  journal={Applied Numerical Mathematics},
  volume={37},
  number={4},
  pages={441--458},
  year={2001},
  publisher={Elsevier}
}

@article{sterling1991nonlinear,
  title={Nonlinear dynamics of laboratory combustor pressure oscillations},
  author={Sterling, JD and Zukoski, EE},
  journal={Combustion science and technology},
  volume={77},
  number={4-6},
  pages={225--238},
  year={1991},
  publisher={Taylor \& Francis}
}

@misc{marone1967investigation,
  title={Investigation of sound generation in a Rijke tube},
  author={Marone, I Ya and TARAKANO. AA},
  journal={SOVIET PHYSICS ACOUSTICS-USSR},
  volume={13},
  number={2},
  pages={261},
  year={1967},
  publisher={AMER INST PHYSICS CIRCULATION FULFILLMENT DIV, 500 SUNNYSIDE BLVD, WOODBURY~â€¦}
}

@article{sayadi2013thermoacoustic,
  title={Thermoacoustic instability-a dynamical system and time domain analysis},
  author={Sayadi, Taraneh and Chenadec, Vincent Le and Schmid, Peter and Richecoeur, Franck and Massot, Marc},
  journal={arXiv preprint arXiv:1312.3101},
  year={2013}
}

@article{bar1985stability,
  title={On the stability of coupled chemical oscillators},
  author={Bar-Eli, Kedma},
  journal={Physica D: Nonlinear Phenomena},
  volume={14},
  number={2},
  pages={242--252},
  year={1985},
  publisher={Elsevier}
}

@article{hyodo2018stabilization,
  title={Stabilization of thermoacoustic oscillators by delay coupling},
  author={Hyodo, H and Biwa, T},
  journal={Physical Review E},
  volume={98},
  number={5},
  pages={052223},
  year={2018},
  publisher={APS}
}

@article{tandon2020bursting,
  title={Bursting during intermittency route to thermoacoustic instability: Effects of slow--fast dynamics<? A3B2 show [editpick]?>},
  author={Tandon, Shruti and Pawar, Samadhan A and Banerjee, Subham and Varghese, Alan J and Durairaj, Premraj and Sujith, RI},
  journal={Chaos: An Interdisciplinary Journal of Nonlinear Science},
  volume={30},
  number={10},
  pages={103112},
  year={2020},
  publisher={AIP Publishing LLC}
}

@article{kim2010design,
  title={A design principle underlying the synchronization of oscillations in cellular systems},
  author={Kim, Jeong-Rae and Shin, Dongkwan and Jung, Sung Hoon and Heslop-Harrison, Pat and Cho, Kwang-Hyun},
  journal={Journal of cell science},
  volume={123},
  number={4},
  pages={537--543},
  year={2010},
  publisher={The Company of Biologists Ltd}
}

@article{haque2011effect,
  title={Effect of delay in a Lotka--Volterra type predator--prey model with a transmissible disease in the predator species},
  author={Haque, Mainul and Sarwardi, Sahabuddin and Preston, Simon and Venturino, Ezio},
  journal={Mathematical Biosciences},
  volume={234},
  number={1},
  pages={47--57},
  year={2011},
  publisher={Elsevier}
}

@phdthesis{aguirre2011remote,
  title={Remote control and motion coordination of mobile robots},
  author={Aguirre, A Alvarez},
  year={2011},
  school={Citeseer}
}


